%% Created using Papers on Sun, 16 Oct 2011.
%% http://mekentosj.com/papers/

@phdthesis{Qiu:2010vp,
author = {Qiu, Fasheng},
title = {{A Framework for Group Modeling in Agent-based Pedestrian Crowd Simulations}},
school = {Georgia State University},
year = {2010}
}

@webpage{Pottinger:1999vk,
author = {Pottinger, Dave},
title = {{Implementing Coordinated Movement}},
year = {1999}
}

@inproceedings{Balch:2000bn,
author = {Balch, Tucker and Hybinette, Maria},
title = {{Social potentials for scalable multi-robot formations}},
booktitle = {IEEE International Conference on Robotics and Automation},
year = {2000}
}

@inproceedings{Bayazit:2003up,
author = {Bayazit, O Burchan and Lien, Jyh-Ming and Amato, Nancy M},
title = {{Better group behaviors in complex environments using global roadmaps}},
booktitle = {8th International conference on Artificial Life},
year = {2003}
}

@incollection{Millington:2006wz,
author = {Millington, Ian},
title = {{Movement}},
booktitle = {Artificial intelligence for games},
year = {2006}
}

@article{Reynolds:1999vr,
author = {Reynolds, Craig W},
title = {{Steering behaviors for autonomous characters}},
journal = {Game Developers Conference},
year = {1999}
}

@incollection{Dawson:2002vd,
author = {Dawson, Chad},
title = {{Formations}},
booktitle = {AI Game Programming Wisdom},
year = {2002}
}

@inproceedings{Reynolds:1987vm,
author = {Reynolds, Craig W},
title = {{Flocks, herds and schools: A distributed behavioral model}},
booktitle = {1987 International Conference and Exhibition on Computer Graphics and Interactive Techniques},
year = {1987}
}

@article{Peters:2009kx,
author = {Peters, Christopher and Ennis, Cathy and O'Sullivan, Carol},
title = {{Modeling groups of plausible virtual pedestrians}},
journal = {IEEE Computer Graphics and Applications},
year = {2009}
}

@article{Qiu:2010ww,
author = {Qiu, Fasheng and Hu, Xiaolin and Wang, Xue and Karmakar, Saurav},
title = {{Modeling social group structures in pedestrian crowds}},
journal = {Simulation Modelling Practice and Theory},
year = {2010}
}

@article{Helbing:2000vh,
author = {Helbing, Dirk and Farkas, Ill{\'e}s and Vicsek, Tam{\'a}s},
title = {{Simulating dynamical features of escape panic}},
journal = {Nature},
year = {2000}
}

@article{MusTha2001,
author = {Musse, Soraia Raupp and Thalmann, Daniel},
title = {{Hierarchical Model for Real Time Simulation of Virtual Human Crowds}},
journal = {Transactions on Visualization and Computer Graphics},
year = {2001}
}

@article{Moussaid:2010ib,
author = {Moussa{\"\i}d, Mehdi and Perozo, Niriaska and Garnier, Simon and Helbing, Dirk and Theraulaz, Guy},
title = {{The Walking Behaviour of Pedestrian Social Groups and Its Impact on Crowd Dynamics}},
journal = {PLoS ONE},
year = {2010}
}

@inproceedings{ko_vriphys10,
author = {Karamouzas, Ioannis and Overmars, Mark H},
title = {{Simulating Human Collision Avoidance Using a Velocity-Based Approach}},
booktitle = {VRIPHYS 10: 7th Workshop on Virtual Reality Interactions and Physical Simulations},
year = {2010}
}

@inproceedings{Gu:2011wp,
author = {Gu, Qin and Deng, Zhigang},
title = {{Formation Sketching: An Approach to Stylize Groups in Crowd Simulation}},
booktitle = {Graphics Interface},
year = {2011}
}

@article{Silveira:2008bc,
author = {Silveira, Renato and Prestes, Edson and Nedel, Luciana P},
title = {{Managing coherent groups}},
journal = {Computer Animation And Virtual Worlds},
year = {2008}
}

@article{Loscos:2003wh,
author = {Loscos, C{\'e}line and Marchal, David and Meyer, Alexandre},
title = {{Intuitive Crowd Behaviour in Dense Urban Environments using Local Laws}},
journal = {Proceedings of the Theory and Practice of Computer Graphics},
year = {2003}
}

@inproceedings{Hostetler:2002wg,
author = {Hostetler, Terry R and Kearney, Joseph K},
title = {{Strolling down the avenue with a few close friends}},
booktitle = {Third Eurographics Irish Workshop on Computer Graphics},
year = {2002}
}

@inproceedings{Karamouzas:2010fi,
author = {Karamouzas, Ioannis and Overmars, Mark H},
title = {{Simulating the local behaviour of small pedestrian groups}},
booktitle = {17th ACM Symposium on Virtual Reality Software and Technology},
year = {2010}
}

@inproceedings{Qiu:2010ks,
author = {Qiu, Fasheng and Hu, Xiaolin},
title = {{Modeling Dynamic Groups for Agent-based Pedestrian Crowd Simulations}},
booktitle = {2010 IEEE/WIC/ACM International Conference on Web Intelligence and Intelligent Agent Technology},
year = {2010}
}

@article{vandenBerg:2008tu,
author = {van den Berg, Jur and Lin, Ming C and Manocha, Dinesh},
title = {{Reciprocal Velocity Obstacles for real-time multi-agent navigation}},
journal = {International Conference on Robotics and Automation},
year = {2008}
}

@inproceedings{Kamphuis:2004ct,
author = {Kamphuis, Arno and Overmars, Mark H},
title = {{Finding paths for coherent groups using clearance}},
booktitle = {2004 ACM SIGGRAPH/Eurographics symposium on Computer Animation},
year = {2004}
}

@article{Pettre:2009tg,
author = {Pettr{\'e}, Julien and Ondrej, Jan and Olivier, Anne-H{\'e}lene and Cr{\'e}tual, Armel and Donikian, St{\'e}phane},
title = {{Experiment-based Modeling, Simulation and Validation of Interactions between Virtual Walkers}},
journal = {Symposium on Computer animation},
year = {2009}
}

@inproceedings{Ondrej:2010we,
author = {Ondrej, Jan and Pettr{\'e}, Julien and Olivier, Anne-H{\'e}lene and Donikian, St{\'e}phane},
title = {{A synthetic-vision based steering approach for crowd simulation}},
booktitle = {The 37th International Conference and Exhibition on Computer Graphics and Interactive Techniques},
year = {2010}
}

@inproceedings{Mononen:2010wp,
author = {Mononen, Mikko},
title = {{Navigation Loop}},
booktitle = {Paris Game/AI Conference 2010},
year = {2010}
}

@inproceedings{Schuerman:2010um,
author = {Schuerman, Matthew and Singh, Shawn and Kapadia, Mubbasir and Faloutsos, Petros},
title = {{Situation agents: agent-based externalized steering logic}},
booktitle = {International Conference on Computer Animation and Social Agents, 2010},
year = {2010}
}

@article{GolaemPath:tw,
author = {{Golaem}},
title = {{Golaem Path}}
}

